@inproceedings{albarghouthi12,
  author    = {Aws Albarghouthi and
               Arie Gurfinkel and
               Marsha Chechik},
  title     = {Craig Interpretation},
  booktitle = {{SAS}},
  year      = {2012},
}

@article{angluin87,
  author    = {Dana Angluin},
  title     = {Learning Regular Sets from Queries and Counterexamples},
  journal   = {Inf. Comput.},
  volume    = {75},
  number    = {2},
  year      = {1987},
}

@inproceedings{ball01,
  author    = {Thomas Ball and
               Rupak Majumdar and
               Todd D. Millstein and
               Sriram K. Rajamani},
  title     = {Automatic Predicate Abstraction of {C} Programs},
  booktitle = {{PLDI}},
  year      = {2001},
}

@inproceedings{ball02,
  author    = {Thomas Ball and
               Andreas Podelski and
               Sriram K. Rajamani},
  title     = {Relative Completeness of Abstraction Refinement for
                  Software Model Checking},
  booktitle = {{TACAS}},
  year      = {2002},
}

@article{besombes07,
  author    = {J{\'{e}}r{\^{o}}me Besombes and
               Jean{-}Yves Marion},
  title     = {Learning tree languages from positive examples and
                  membership queries},
  journal   = {Theor. Comput. Sci.},
  volume    = {382},
  number    = {3},
  year      = {2007},
}

@inproceedings{bodik10,
  author    = {Rastislav Bod{\'{\i}}k and
               Satish Chandra and
               Joel Galenson and
               Doug Kimelman and
               Nicholas Tung and
               Shaon Barman and
               Casey Rodarmor},
  title     = {Programming with angelic nondeterminism},
  booktitle = {{POPL}},
  year      = {2010},
}

@article{calcagano11,
  author    = {Cristiano Calcagno and
               Dino Distefano and
               Peter W. O'Hearn and
               Hongseok Yang},
  title     = {Compositional Shape Analysis by Means of Bi-Abduction},
  journal   = {J. {ACM}},
  volume    = {58},
  number    = {6},
  year      = {2011},
}

@article{clarke03,
  author    = {Edmund M. Clarke and
               Orna Grumberg and
               Somesh Jha and
               Yuan Lu and
               Helmut Veith},
  title     = {Counterexample-guided abstraction refinement for
                  symbolic model checking},
  journal   = {J. {ACM}},
  volume    = {50},
  number    = {5},
  year      = {2003},
}

@inproceedings{dudka13,
  author    = {Kamil Dudka and
               Petr Peringer and
               Tom{\'{a}}s Vojnar},
  title     = {Byte-Precise Verification of Low-Level List
                  Manipulation},
  booktitle = {{SAS}},
  year      = {2013},
}

@inproceedings{garg13,
  author    = {Pranav Garg and
               Christof L{\"{o}}ding and
               P. Madhusudan and
               Daniel Neider},
  title     = {Learning Universally Quantified Invariants of Linear
                  Data Structures},
  booktitle = {{CAV}},
  year      = {2013},
}

@inproceedings{heizmann10,
  author    = {Matthias Heizmann and
               Jochen Hoenicke and
               Andreas Podelski},
  title     = {Nested interpolants},
  booktitle = {{POPL}},
  year      = {2010},
}

@inproceedings{henzinger02,
  author    = {Thomas A. Henzinger and
               Ranjit Jhala and
               Rupak Majumdar and
               Gr{\'{e}}goire Sutre},
  title     = {Lazy abstraction},
  booktitle = {{POPL}},
  year      = {2002},
}

@inproceedings{henzinger04,
  author    = {Thomas A. Henzinger and
               Ranjit Jhala and
               Rupak Majumdar and
               Kenneth L. McMillan},
  title     = {Abstractions from proofs},
  booktitle = {{POPL}},
  year      = {2004},
}

@inproceedings{mcmillan06,
  author    = {Kenneth L. McMillan},
  title     = {Lazy Abstraction with Interpolants},
  booktitle = {{CAV}},
  year      = {2006},
}

@inproceedings{reynolds02,
  author    = {John C. Reynolds},
  title     = {Separation Logic: {A} Logic for Shared Mutable Data
                  Structures},
  booktitle = {{LICS}},
  year      = {2002},
}

@inproceedings{rummer13,
  author    = {Philipp R{\"{u}}mmer and
               Hossein Hojjat and
               Viktor Kuncak},
  title     = {Disjunctive Interpolants for {Horn}-Clause
                  Verification},
  booktitle = {{CAV}},
  year      = {2013},
}

@article{sagiv02,
  author    = {Shmuel Sagiv and
               Thomas W. Reps and
               Reinhard Wilhelm},
  title     = {Parametric shape analysis via 3-valued logic},
  journal   = {TOPLAS},
  year      = {2002},
}

@misc{sv-comp,
title = {{SV-COMP} 2015 - 4th International Competition on Software
                  Verification},
year = 2015,
note = {\url{http://sv-comp.sosy-lab.org/2015/}},
}

@misc{d3js,
title = {D3 Data-Driven Documents},
year = 2016,
note = {\url{https://d3js.org}},
}

@article{craig1957,
  title={Three uses of the Herbrand-Gentzen theorem in relating model theory and proof theory},
  author={Craig, William},
  journal={The Journal of Symbolic Logic},
  volume={22},
  number={03},
  pages={269--285},
  year={1957},
  publisher={Cambridge Univ Press}
}

@article{mcmillan05,
  title={An interpolating theorem prover},
  author={McMillan, Kenneth L},
  journal={Theoretical Computer Science},
  volume={345},
  number={1},
  pages={101--121},
  year={2005},
  publisher={Elsevier}
}

@article{fruchterman91,
author = {Fruchterman, Thomas M. J. and Reingold, Edward M.},
title = {Graph drawing by force-directed placement},
journal = {Software: Practice and Experience},
volume = {21},
number = {11},
publisher = {John Wiley & Sons, Ltd.},
issn = {1097-024X},
url = {http://dx.doi.org/10.1002/spe.4380211102},
doi = {10.1002/spe.4380211102},
pages = {1129--1164},
keywords = {Graph drawing, Force-directed placement, Multi-level techniques, Simulated annealing},
year = {1991},
}

@article{eades84,
author="Eades, P.",
title="A heuristic for graph drawing",
journal="Congressus Numerantium",
ISSN="",
publisher="",
year="1984",
month="",
volume="42",
number="",
pages="146-160",
URL="http://ci.nii.ac.jp/naid/10013058442/en/",
DOI="",
}

@inproceedings{wenchao2012,
 author = {Li, Wenchao and Seshia, Sanjit A. and Jha, Somesh},
 title = {CrowdMine: Towards Crowdsourced Human-assisted Verification},
 booktitle = {Proceedings of the 49th Annual Design Automation Conference},
 series = {DAC '12},
 year = {2012},
 isbn = {978-1-4503-1199-1},
 location = {San Francisco, California},
 pages = {1254--1255},
 numpages = {2},
 url = {http://doi.acm.org/10.1145/2228360.2228590},
 doi = {10.1145/2228360.2228590},
 acmid = {2228590},
 publisher = {ACM},
 address = {New York, NY, USA},
 keywords = {crowdsourcing, human computation, specification, verification},
}
